<?xml version="1.0" encoding="UTF-8"?><collection><record><leader>02729ntm a2200397 a 4500</leader><controlfield tag="001">002594337</controlfield><controlfield tag="003">MiAaHDL</controlfield><controlfield tag="005">20190719000000.0</controlfield><controlfield tag="006">m        d        </controlfield><controlfield tag="007">cr bn ---auaua</controlfield><controlfield tag="008">930210s1714    xx            00| | ara d</controlfield><datafield tag="035" ind1=" " ind2=" "><subfield code="a">(MiU)002594337</subfield></datafield><datafield tag="035" ind1=" " ind2=" "><subfield code="a">sdr-miu002594337</subfield></datafield><datafield tag="035" ind1=" " ind2=" "><subfield code="a">(OCoLC)34365784</subfield></datafield><datafield tag="035" ind1=" " ind2=" "><subfield code="a">(RLIN)MIUH93-A5</subfield></datafield><datafield tag="040" ind1=" " ind2=" "><subfield code="a">MiU</subfield><subfield code="c">MiU</subfield><subfield code="e">appm</subfield><subfield code="d">MiU</subfield></datafield><datafield tag="100" ind1="1" ind2=" "><subfield code="6">880-01</subfield><subfield code="a">Birjandī, Niẓām al-Dīn ʻAbd al-ʻAlī ibn Muḥammad,</subfield><subfield code="d">ca. 1524.</subfield></datafield><datafield tag="245" ind1="1" ind2="0"><subfield code="6">880-02</subfield><subfield code="a">Ḥāshīyah ʻalá sharḥ al-mulakhkhaṣ fī al-hayʼah :</subfield><subfield code="k">manuscript,</subfield><subfield code="f">[1714].</subfield></datafield><datafield tag="300" ind1=" " ind2=" "><subfield code="a">1</subfield><subfield code="f">v. ([227] p.) ;</subfield><subfield code="c">22 cm.</subfield></datafield><datafield tag="500" ind1=" " ind2=" "><subfield code="a">Watermarks: Scrollwork, three hats. For the latter, see Edward Heawood, Watermarks, Mainly of the 17th and 18th Centuries (Hilversum, 1950), nos. 2593 and 2597.</subfield></datafield><datafield tag="500" ind1=" " ind2=" "><subfield code="a">Rubrication absent; marginal corrections in hand of copyist.</subfield></datafield><datafield tag="500" ind1=" " ind2=" "><subfield code="a">Date, name of copyist, place of employment and employer's name, and provenance in colophon: qad waqaʻa al-farāgh ʻan taḥrīrihi wa-taswīd fī yawm al-ithnayn min ākhir shahr Muḥarram al-ḥarām li-sanat sitt wa-ʻishrīn wa-miʻah wa-alf [15 February 1714] tamma ʻalá yad afqar al-wará Muḥammad ibn ʻAlī ... fī al-madrasah Sayf Bulandī fī madīnat Anqarah fī khidmat al-Qāsim Afandī.</subfield></datafield><datafield tag="500" ind1=" " ind2=" "><subfield code="a">For another copy of this text see Mich. Isl. Ms. 817,2.</subfield></datafield><datafield tag="510" ind1="4" ind2=" "><subfield code="a">GAL,</subfield><subfield code="c">Suppl. I, p. 865; GAL, Suppl. II, p. 591; King, Survey, p. 159.</subfield></datafield><datafield tag="520" ind1=" " ind2=" "><subfield code="a">"Ḥāshīyah on the commentary of Qāḍī Zādah on al-Jighmīnī's Mulakhkhaṣ," a treatise on theoretical astronomy (hayʼah). David A. King, A Survey of the Scientific Manuscripts in the Egyptian National Library (winona Lake, 1986), pp. 158-9.</subfield></datafield><datafield tag="538" ind1=" " ind2=" "><subfield code="a">Mode of access: Internet.</subfield></datafield><datafield tag="541" ind1=" " ind2=" "><subfield code="d">07/--/36</subfield><subfield code="3">Manuscript</subfield><subfield code="a">McGregor Fund</subfield><subfield code="c">Purchase, 1933/34</subfield></datafield><datafield tag="561" ind1=" " ind2=" "><subfield code="a">Purchased in Cairo, 1933/34. Owners' marks: on pp. [1] and [227], unidentified seals of two owners; inside cover, manuscript notes in handwriting of Max Meyerhof.</subfield></datafield><datafield tag="600" ind1="1" ind2="0"><subfield code="6">880-03</subfield><subfield code="a">Qāḍī Zādah, Mūsá ibn Muḥammad,</subfield><subfield code="d">d. ca. 1436.</subfield><subfield code="t">Sharḥ al-mulakhkhaṣ.</subfield></datafield><datafield tag="650" ind1=" " ind2="0"><subfield code="a">Astronomy, Arab</subfield><subfield code="v">Early works to 1800.</subfield></datafield><datafield tag="650" ind1=" " ind2="0"><subfield code="a">Manuscripts, Arabic</subfield><subfield code="z">Michigan</subfield><subfield code="z">Ann Arbor.</subfield></datafield><datafield tag="700" ind1="1" ind2=" "><subfield code="a">Meyerhof, Max,</subfield><subfield code="d">1874-1945,</subfield><subfield code="e">former owner.</subfield></datafield><datafield tag="773" ind1="0" ind2=" "><subfield code="7">unbc</subfield><subfield code="a">Tracy W. McGregor Collection of Arabic, Persian, and Turkish Mathematical and Astronomical Manuscripts.</subfield><subfield code="w">(CStRLIN)MIUH92-A20.</subfield></datafield><datafield tag="880" ind1="1" ind2="0"><subfield code="6">600-03/</subfield><subfield code="a">موسى بن محمد قاضي زاده.</subfield><subfield code="t">شرح الملخص.</subfield></datafield><datafield tag="880" ind1="1" ind2="0"><subfield code="6">245-02/</subfield><subfield code="a">حاشية على شرح الملخص في الهيئة :</subfield><subfield code="k">manuscript,</subfield><subfield code="f">[1714].</subfield></datafield><datafield tag="880" ind1="1" ind2=" "><subfield code="6">100-01/</subfield><subfield code="a">نظام الدين عبد العلي بن محمد البرجندي.</subfield></datafield><datafield tag="CID" ind1=" " ind2=" "><subfield code="a">002594337</subfield></datafield><datafield tag="DAT" ind1="0" ind2=" "><subfield code="a">20190719102632.0</subfield><subfield code="b">20190719000000.0</subfield></datafield><datafield tag="DAT" ind1="1" ind2=" "><subfield code="a">20190719090653.0</subfield><subfield code="b">2019-07-19T16:10:35Z</subfield></datafield><datafield tag="DAT" ind1="2" ind2=" "><subfield code="a">2015-10-10T18:00:06Z</subfield></datafield><datafield tag="CAT" ind1=" " ind2=" "><subfield code="a">SDR-MIU</subfield><subfield code="d">EX LIBRIS - ALEPH</subfield><subfield code="l">prepare.pl-004-008</subfield></datafield><datafield tag="FMT" ind1=" " ind2=" "><subfield code="a">BK</subfield></datafield><datafield tag="HOL" ind1=" " ind2=" "><subfield code="0">sdr-miu002594337</subfield><subfield code="a">MiU</subfield><subfield code="b">SDR</subfield><subfield code="c">MIU</subfield><subfield code="p">mdp.39015081447172</subfield><subfield code="s">MIU</subfield><subfield code="1">002594337</subfield></datafield><datafield tag="974" ind1=" " ind2=" "><subfield code="b">MIU</subfield><subfield code="c">MIU</subfield><subfield code="d">20190719</subfield><subfield code="s">lit-dlps-dc</subfield><subfield code="u">mdp.39015081447172</subfield><subfield code="y">1714</subfield><subfield code="r">pd</subfield><subfield code="q">bib</subfield><subfield code="t">non-US bib date1 &lt; 1879</subfield></datafield></record></collection>